@inproceedings{alvisi2013sok,
  title={Sok: The evolution of sybil defense via social networks},
  author={Alvisi, Lorenzo and Clement, Allen and Epasto, Alessandro and Lattanzi, Silvio and Panconesi, Alessandro},
  booktitle={Security and Privacy (SP), 2013 IEEE Symposium on},
  pages={382--396},
  year={2013},
  organization={IEEE}
}

@inproceedings{wei2012sybildefender,
  title={Sybildefender: Defend against sybil attacks in large social networks},
  author={Wei, Wei and Xu, Fengyuan and Tan, Chiu C and Li, Qun},
  booktitle={INFOCOM, 2012 Proceedings IEEE},
  pages={1951--1959},
  year={2012},
  organization={IEEE}
}

@inproceedings{yu2009dsybil,
  title={Dsybil: Optimal sybil-resistance for recommendation systems},
  author={Yu, Haifeng and Shi, Chenwei and Kaminsky, Michael and Gibbons, Phillip B and Xiao, Feng},
  booktitle={Security and Privacy, 2009 30th IEEE Symposium on},
  pages={283--298},
  year={2009},
  organization={IEEE}
}

@inproceedings{mohaisen2011keep,
  title={Keep your friends close: Incorporating trust into social network-based sybil defenses},
  author={Mohaisen, Abedelaziz and Hopper, Nicholas and Kim, Yongdae},
  booktitle={INFOCOM, 2011 Proceedings IEEE},
  pages={1943--1951},
  year={2011},
  organization={IEEE}
}

@inproceedings{tran2009sybil,
  title={Sybil-Resilient Online Content Voting.},
  author={Tran, Dinh Nguyen and Min, Bonan and Li, Jinyang and Subramanian, Lakshminarayanan},
  booktitle={NSDI},
  volume={9},
  number={1},
  pages={15--28},
  year={2009}
}

@inproceedings{chiluka2012leveraging,
  title={Leveraging trust and distrust for sybil-tolerant voting in online social media},
  author={Chiluka, Nitin and Andrade, Nazareno and Pouwelse, Johan and Sips, Henk},
  booktitle={Proceedings of the 1st Workshop on Privacy and Security in Online Social Media},
  pages={1},
  year={2012},
  organization={ACM}
}

@inproceedings{kakhki11mitigating,
  title={Mitigating sybil attacks on content rating systems},
  author={Kakhki, Arash Molavi and Hannak, Aniko and Mislove, Alan and Sundaram, Ravi},
  organization={SOSP}
}

@inproceedings{yu2008sybillimit,
  title={Sybillimit: A near-optimal social network defense against sybil attacks},
  author={Yu, Haifeng and Gibbons, Phillip B and Kaminsky, Michael and Xiao, Feng},
  booktitle={Security and Privacy, 2008. SP 2008. IEEE Symposium on},
  pages={3--17},
  year={2008},
  organization={IEEE}
}

@inproceedings{danezis2009sybilinfer,
  title={SybilInfer: Detecting Sybil Nodes using Social Networks.},
  author={Danezis, George and Mittal, Prateek},
  booktitle={NDSS},
  year={2009},
  organization={San Diego, CA}
}

@phdthesis{cao2014understanding,
  title={Understanding and Defending Against Malicious Identities in Online Social Networks},
  author={Cao, Qiang},
  year={2014},
  school={Duke University}
}

@inproceedings{tran2011optimal,
  title={Optimal sybil-resilient node admission control},
  author={Tran, Nguyen and Li, Jinyang and Subramanian, Lakshminarayanan and Chow, Sherman SM},
  booktitle={INFOCOM, 2011 Proceedings IEEE},
  pages={3218--3226},
  year={2011},
  organization={IEEE}
}

@inproceedings{shi2013sybilshield,
  title={Sybilshield: An agent-aided social network-based sybil defense among multiple communities},
  author={Shi, Lu and Yu, Shucheng and Lou, Wenjing and Hou, Y Thomas},
  booktitle={INFOCOM, 2013 Proceedings IEEE},
  pages={1034--1042},
  year={2013},
  organization={IEEE}
}

% NEW BELOW

@inproceedings{dinger2006defending,
  title={Defending the sybil attack in p2p networks: Taxonomy, challenges, and a proposal for self-registration},
  author={Dinger, Jochen and Hartenstein, Hannes},
  booktitle={Availability, Reliability and Security, 2006. ARES 2006. The First International Conference on},
  pages={8--pp},
  year={2006},
  organization={IEEE}
}

@article{yu2006sybilguard,
  title={Sybilguard: defending against sybil attacks via social networks},
  author={Yu, Haifeng and Kaminsky, Michael and Gibbons, Phillip B and Flaxman, Abraham},
  journal={ACM SIGCOMM Computer Communication Review},
  volume={36},
  number={4},
  pages={267--278},
  year={2006},
  publisher={ACM}
}


@inproceedings{singh2004defending,
  title={Defending against eclipse attacks on overlay networks},
  author={Singh, Atul and Castro, Miguel and Druschel, Peter and Rowstron, Antony},
  booktitle={Proceedings of the 11th workshop on ACM SIGOPS European workshop},
  pages={21},
  year={2004},
  organization={ACM}
}

@inproceedings{park2009defense,
  title={Defense against sybil attack in vehicular ad hoc network based on roadside unit support},
  author={Park, Soyoung and Aslam, Baber and Turgut, Damla and Zou, Cliff C},
  booktitle={Military Communications Conference, 2009. MILCOM 2009. IEEE},
  pages={1--7},
  year={2009},
  organization={IEEE}
}

@inproceedings{zhang2005defending,
  title={Defending against sybil attacks in sensor networks},
  author={Zhang, Qinghua and Wang, Pan and Reeves, Douglas S and Ning, Peng},
  booktitle={Distributed Computing Systems Workshops, 2005. 25th IEEE International Conference on},
  pages={185--191},
  year={2005},
  organization={IEEE}
}

@inproceedings{jyothi2009symon,
  title={Symon: Defending large structured p2p systems against sybil attack},
  author={Jyothi, BS and Dharanipragada, Janakiram},
  booktitle={Peer-to-Peer Computing, 2009. P2P'09. IEEE Ninth International Conference on},
  pages={21--30},
  year={2009},
  organization={IEEE}
}

@inproceedings{borisov2006computational,
  title={Computational puzzles as sybil defenses},
  author={Borisov, Nikita},
  booktitle={Peer-to-Peer Computing, 2006. P2P 2006. Sixth IEEE International Conference on},
  pages={171--176},
  year={2006},
  organization={IEEE}
}

@inproceedings{yang2008detecting,
  title={Detecting sybil attacks in wireless and sensor networks using cluster analysis},
  author={Yang, Jie and Chen, Yingying and Trappe, Wade},
  booktitle={Mobile Ad Hoc and Sensor Systems, 2008. MASS 2008. 5th IEEE International Conference on},
  pages={834--839},
  year={2008},
  organization={IEEE}
}



% surveys on papers


@inproceedings{koll2014state,
  title={On the state of OSN-based Sybil defenses},
  author={Koll, David and Li, Jun and Stein, John and Fu, Xiaoming},
  booktitle={Networking Conference, 2014 IFIP},
  pages={1--9},
  year={2014},
  organization={IEEE}
}


@article{mohaisen2013sybil,
  title={The Sybil attacks and defenses: a survey},
  author={Mohaisen, Aziz and Kim, Joongheon},
  journal={arXiv preprint arXiv:1312.6349},
  year={2013}
}

% Laat zien dat alleen sociale networken gebruiken niet genoeg is, tekortkomingen
@article{viswanath2011analysis,
  title={An analysis of social network-based sybil defenses},
  author={Viswanath, Bimal and Post, Ansley and Gummadi, Krishna P and Mislove, Alan},
  journal={ACM SIGCOMM Computer Communication Review},
  volume={41},
  number={4},
  pages={363--374},
  year={2011},
  publisher={ACM}
}

% The sybil attack

@incollection{douceur2002sybil,
  title={The sybil attack},
  author={Douceur, John R},
  booktitle={Peer-to-peer Systems},
  pages={251--260},
  year={2002},
  publisher={Springer}
}

% Decentralized systems using central authority may not be feasible
@article{margolin2005quantifying,
  title={Quantifying and discouraging sybil attacks},
  author={Margolin, N Boris and Levine, Brian N and Margolin, N Boris and Levine, Brian Neil},
  journal={Computer Science Technical Report},
  volume={67},
  year={2005}
}

% Introduction
% of a central component like a certificate authority or an
% authentication server can mitigate the threat of a liar farm
% (at the cost of flexibility) by making sure that either one peer
% does not get more than one identity, or the identity set of
% a peer is made such that two identities from the same set
% can be linked to each othe

@inproceedings{dewan2005securing,
  title={Securing P2P networks using peer reputations: is there a silver bullet?},
  author={Dewan, Prashant and Dasgupta, Partha},
  booktitle={Consumer Communications and Networking Conference, 2005. CCNC. 2005 Second IEEE},
  pages={30--36},
  year={2005},
  organization={IEEE}
}

% Current  peer-to-peer  (P2P)  systems  are  vulnerable
% to a variety of attacks due to the lack of a central authorization
% authority.

@inproceedings{jetter2010quantitative,
  title={Quantitative analysis of the sybil attack and effective sybil resistance in peer-to-peer systems},
  author={Jetter, Oliver and Dinger, Jochen and Hartenstein, Hannes},
  booktitle={Communications (ICC), 2010 IEEE International Conference on},
  pages={1--6},
  year={2010},
  organization={IEEE}
}

% Verschillende vormen van sybils & paper opsensor  network defense

@inproceedings{newsome2004sybil,
  title={The sybil attack in sensor networks: analysis \& defenses},
  author={Newsome, James and Shi, Elaine and Song, Dawn and Perrig, Adrian},
  booktitle={Proceedings of the 3rd international symposium on Information processing in sensor networks},
  pages={259--268},
  year={2004},
  organization={ACM}
}

% Verschillende aanvallen met sybil attacks mogelijk

@article{hoffman2009survey,
  title={A survey of attack and defense techniques for reputation systems},
  author={Hoffman, Kevin and Zage, David and Nita-Rotaru, Cristina},
  journal={ACM Computing Surveys (CSUR)},
  volume={42},
  number={1},
  pages={1},
  year={2009},
  publisher={ACM}
}
